@misc{kaggle-diabetes,
  author = {{National Institute of Diabetes and Digestive and
Kidney Diseases}},
  title = {Diabetes Data Set},
  url = {https://www.kaggle.com/datasets/mathchi/diabetes-data-set/data},
  note = {Donor of database: Vincent Sigillito (vgs@aplcen.apl.jhu.edu). Date received: 9 May 1990. Accessed on January 24, 2024}
}

@misc{BenningPerra2023,
  author = {Martin Benning and Nicola Perra},
  title = {Lecture Notes},
  note = {Originally developed by Martin Benning. Adapted and modified by Nicola Perra},
  year = {2023},
  month = {September},
  day = {8},
}

@misc{F1score,
  title = {F1 Score},
  howpublished = {\url{https://en.wikipedia.org/wiki/F1_score}},
  note={Accessed on January 24, 2024}
}

@article{Domingos2012,
  author = {Pedro Domingos},
  title = {A Few Useful Things to Know About Machine Learning},
}

@misc{sklearn_svm,
  title={{Support Vector Machines — scikit-learn 1.4.0 documentation}},
  howpublished={\url{https://scikit-learn.org/stable/modules/svm.html}},
  note={Accessed on January 24, 2024}
}

@misc{sklearn-logisticregression,
  title = {{Logistic Regression — scikit-learn 1.4.0 documentation}},
  howpublished={\url{https://scikit-learn.org/stable/modules/linear_model.html}},
  note = {Accessed on January 24, 2024},
}

@misc{numpy-website,
  title = {{NumPy}},
  howpublished={\url{https://numpy.org/}},
  note = {Accessed on \today},
}
